@incollection{tromp2007combinatorics,
  title={Combinatorics of go},
  author={Tromp, John and Farneb{\"a}ck, Gunnar},
  booktitle={Computers and Games},
  pages={84--99},
  year={2007},
  publisher={Springer}
}

@inproceedings{walsh2010integrating,
  title={Integrating Sample-Based Planning and Model-Based Reinforcement Learning.},
  author={Walsh, Thomas J and Goschin, Sergiu and Littman, Michael L},
  booktitle={AAAI},
  year={2010}
}

@article{browne2012survey,
  title={A survey of monte carlo tree search methods},
  author={Browne, Cameron B and Powley, Edward and Whitehouse, Daniel and Lucas, Simon M and Cowling, Peter I and Rohlfshagen, Philipp and Tavener, Stephen and Perez, Diego and Samothrakis, Spyridon and Colton, Simon},
  journal={Computational Intelligence and AI in Games, IEEE Transactions on},
  volume={4},
  number={1},
  pages={1--43},
  year={2012},
  publisher={IEEE}
}

@phdthesis{chaslot2010monte,
  title={Monte-carlo tree search},
  author={Chaslot, Guillaume},
  year={2010},
  school={PhD thesis, Maastricht University}
}

@incollection{sharma2008knowledge,
  title={Knowledge generation for improving simulations in uct for general game playing},
  author={Sharma, Shiven and Kobti, Ziad and Goodwin, Scott},
  booktitle={AI 2008: Advances in Artificial Intelligence},
  pages={49--55},
  year={2008},
  publisher={Springer}
}

@article{campbell2002deep,
  title={Deep blue},
  author={Campbell, Murray and Hoane, A Joseph and Hsu, Feng-hsiung},
  journal={Artificial intelligence},
  volume={134},
  number={1},
  pages={57--83},
  year={2002},
  publisher={Elsevier}
}

@incollection{metropolis1985monte,
  title={Monte Carlo: in the beginning and some great expectations},
  author={Metropolis, Nicholas},
  booktitle={Monte-Carlo Methods and Applications in Neutronics, Photonics and Statistical Physics},
  pages={62--70},
  year={1985},
  publisher={Springer}
}

@book{liu2008monte,
  title={Monte Carlo strategies in scientific computing},
  author={Liu, Jun S},
  year={2008},
  publisher={Springer Science \& Business Media}
}

@incollection{coulom2007efficient,
  title={Efficient selectivity and backup operators in Monte-Carlo tree search},
  author={Coulom, R{\'e}mi},
  booktitle={Computers and games},
  pages={72--83},
  year={2007},
  publisher={Springer}
}

@incollection{kocsis2006bandit,
  title={Bandit based monte-carlo planning},
  author={Kocsis, Levente and Szepesv{\'a}ri, Csaba},
  booktitle={Machine Learning: ECML 2006},
  pages={282--293},
  year={2006},
  publisher={Springer}
}

@inproceedings{chaslot2006monte,
  title={Monte-carlo strategies for computer go},
  author={Chaslot, GMJB and Saito, Jahn-Takeshi and Bouzy, Bruno and Uiterwijk, JWHM and Van Den Herik, H Jaap},
  booktitle={Proceedings of the 18th BeNeLux Conference on Artificial Intelligence, Namur, Belgium},
  pages={83--91},
  year={2006},
  organization={Citeseer}
}

@article{auer2002finite,
  title={Finite-time analysis of the multiarmed bandit problem},
  author={Auer, Peter and Cesa-Bianchi, Nicolo and Fischer, Paul},
  journal={Machine learning},
  volume={47},
  number={2-3},
  pages={235--256},
  year={2002},
  publisher={Springer}
}

@book{barto1998reinforcement,
  title={Reinforcement learning: An introduction},
  author={Barto, Andrew G},
  year={1998},
  publisher={MIT press}
}

@incollection{rimmel2011optimization,
  title={Optimization of the nested monte-carlo algorithm on the traveling salesman problem with time windows},
  author={Rimmel, Arpad and Teytaud, Fabien and Cazenave, Tristan},
  booktitle={Applications of Evolutionary Computation},
  pages={501--510},
  year={2011},
  publisher={Springer}
}

@inproceedings{cazenave2009monte,
  title={Monte-Carlo bus regulation},
  author={Cazenave, Tristan and Balbo, Flavien and Pinson, Suzanne},
  booktitle={12th International IEEE Conference on Intelligent Transportation Systems},
  pages={340--345},
  year={2009}
}

@incollection{schadd2008single,
  title={Single-player monte-carlo tree search},
  author={Schadd, Maarten PD and Winands, Mark HM and Van Den Herik, H Jaap and Chaslot, Guillaume MJ-B and Uiterwijk, Jos WHM},
  booktitle={Computers and Games},
  pages={1--12},
  year={2008},
  publisher={Springer}
}

@article{gelly2012grand,
  title={The grand challenge of computer Go: Monte Carlo tree search and extensions},
  author={Gelly, Sylvain and Kocsis, Levente and Schoenauer, Marc and Sebag, Michele and Silver, David and Szepesv{\'a}ri, Csaba and Teytaud, Olivier},
  journal={Communications of the ACM},
  volume={55},
  number={3},
  pages={106--113},
  year={2012},
  publisher={ACM}
}
